@misc{SMS2,
    title = {{Sequence Manipulation Suite, Version 2}},
    url={https://www.bioinformatics.org/sms2/}
}

@misc{GenBank,
    title = {{GenBank}},
    url={https://www.ncbi.nlm.nih.gov/genbank/}
}

@misc{GenBankToFASTA,
    title = {{SMS - GenBank to FASTA}},
    url={https://www.bioinformatics.org/sms2/genbank_fasta.html}
}

@misc{GalaxyFastQQualityFliter,
    title = {{Galaxy FastQ Quality Filter}},
    url={https://usegalaxy.org/root?tool_id=cshl_fastq_quality_filter}
}

@misc{MEME,
    title = {{MEME - Multiple Em for Motif Elicitation}},
    url={https://meme-suite.org/meme/tools/meme}
}

@misc{Needle,
    title = {{EMBOSS Needle}},
    url={https://meme-suite.org/meme/tools/meme}
}

@misc{BugacoConversion,
    title = {{Bugaco - RNA/RNA Sequence Converter}},
    url={https://meme-suite.org/meme/tools/meme}
}

@misc{Translate,
    title = {{SMS - Translate}},
    url={https://www.bioinformatics.org/sms2/translate.html}
}

@misc{ReverseComplement,
    title = {{SMS - Reverse Complement}},
    url={https://www.bioinformatics.org/sms2/rev_comp.html}
}

@misc{FastCQ,
    title = {{Babraham Bioinformatics - FastCQ}},
    url={https://www.bioinformatics.babraham.ac.uk/projects/fastqc/}
}

@misc{Lalign,
    title = {{Lalign}},
    url={https://www.ebi.ac.uk/jdispatcher/psa/lalign/}
}

@misc{Clustal,
    title = {{Clustal Omega}},
    url={https://www.ebi.ac.uk/jdispatcher/msa/clustalo}
}

@misc{ORFFinder,
    title = {{SMS - ORF Finder}},
    url={https://www.bioinformatics.org/sms2/orf_find.html}
}

@misc{NCBI,
    title = {{NCBI}},
    url={https://www.ncbi.nlm.nih.gov/}
}

@misc{COBALT,
    title = {{COBALT}},
    url={https://www.ncbi.nlm.nih.gov/tools/cobalt/re_cobalt.cgi}
}

@misc{EBI,
    title = {{EBI}},
    url={https://www.ebi.ac.uk/}
}

@misc{ClusterOmega,
    title = {{Cluster Omega}},
    url={https://www.ebi.ac.uk/jdispatcher/msa/clustalo}
}

@misc{TCoffee,
    title = {{T-Coffee}},
    url={https://tcoffee.crg.eu/apps/tcoffee/do:regular}
}

% Erwthma 3

@article{Choi_Lam_1997,
    title={Dynamic suffix tree and two-dimensional texts management},
    volume={61}, DOI={10.1016/s0020-0190(97)00018-5}, number={4}, journal={Information Processing Letters}, author={Choi, Y. and Lam, T.W.}, year={1997}, month={Feb}, pages={213–220}}

@article{McCreight_1976,
    title={A space-economical suffix tree construction algorithm},
    volume={23}, DOI={10.1145/321941.321946}, number={2}, journal={Journal of the ACM}, author={McCreight, Edward M.}, year={1976}, month={Apr}, pages={262–272}}

@article{GoMing1994,
    title = {An Efficient Algorithm for Dynamic Text Indexing.},
    author = {Gu, Ming and Farach-Colton, Martin and Beigel, Richard}, year = {1994}, month = {01}, pages = {697-704}, doi = {10.1145/314464.314675}
}

@article{Ukkonen_1995,
    title={On-line construction of suffix trees},
    volume={14}, DOI={10.1007/bf01206331}, number={3}, journal={Algorithmica}, author={Ukkonen, E.}, year={1995}, month={Sep}, pages={249–260}
}

@article{Cole_Hariharan_2005,
    title={Dynamic LCA queries on trees},
    volume={34}, DOI={10.1137/s0097539700370539}, number={4}, journal={SIAM Journal on Computing}, author={Cole, Richard and Hariharan, Ramesh}, year={2005}, month={Jan}, pages={894–923}
}

% Erwthma 4

@article{FidingMaxPairsBoundedGap,
    title = {Finding Maximal Pairs With Bounded Gap},
    author = {Brodal, Gerth and Lyngsø, Rune and Pedersen, Christian and Stoye, Jens}, year = {1999}, month = {07}, pages = {134-149}, volume = {1645}, isbn = {978-3-540-66278-5}, journal = {Journal of Discrete Algorithms - JDA}, doi = {10.1007/3-540-48452-3_11}
}

@article{Brodal_Pedersen_1999,
    title={Finding maximal quasiperiodicities in strings},
    volume={6}, DOI={10.7146/brics.v6i25.20094}, number={25}, journal={BRICS Report Series}, author={Brodal, Gerth Stølting and Pedersen, Christian N.}, year={1999}, month={Jan}
}

@article{Bakalis_2006,
    title={Locating maximal multirepeats in multiple strings under various constraints},
    volume={50}, DOI={10.1093/comjnl/bxl058}, number={2}, journal={The Computer Journal}, author={Bakalis, A. and Iliopoulos, C.S. and Makris, C. and Sioutas, S. and Theodoridis, E. and Tsakalidis, A. and Tsichlas, K.}, year={2006}, month={Oct}, pages={178–185}
}